<record><leader>00000cas a22000007i 4500</leader><controlfield tag="001">9526756</controlfield><controlfield tag="008">830519d19611962mauwr ne      0    0ita d</controlfield><datafield ind1=" " ind2=" " tag="010"><subfield code="a">sn 83045568 </subfield></datafield><datafield ind1=" " ind2=" " tag="040"><subfield code="a">CRL</subfield><subfield code="b">eng</subfield><subfield code="c">CRL</subfield><subfield code="d">NPW</subfield><subfield code="d">NSD</subfield><subfield code="d">CRL</subfield><subfield code="d">MGN</subfield><subfield code="d">CRL</subfield><subfield code="d">OCLCQ</subfield><subfield code="d">OCLCF</subfield><subfield code="d">OCLCO</subfield></datafield><datafield ind1="1" ind2=" " tag="029"><subfield code="a">AU@</subfield><subfield code="b">000025815486</subfield></datafield><datafield ind1="0" ind2=" " tag="041"><subfield code="a">itaeng</subfield></datafield><datafield ind1=" " ind2=" " tag="042"><subfield code="a">msc</subfield></datafield><datafield ind1=" " ind2=" " tag="043"><subfield code="a">n-us-ma</subfield></datafield><datafield ind1="0" ind2=" " tag="130"><subfield code="a">Gazzetta (Boston, Mass.)</subfield></datafield><datafield ind1="0" ind2="0" tag="245"><subfield code="a">Gazzetta.</subfield></datafield><datafield ind1=" " ind2=" " tag="260"><subfield code="a">Boston, Mass. :</subfield><subfield code="b">Caesar L. Donnaruma,</subfield><subfield code="c">1961-1962.</subfield></datafield><datafield ind1=" " ind2=" " tag="300"><subfield code="a">2 v. :</subfield><subfield code="b">ill. ;</subfield><subfield code="c">59 cm.</subfield></datafield><datafield ind1=" " ind2=" " tag="310"><subfield code="a">Weekly</subfield></datafield><datafield ind1="0" ind2=" " tag="362"><subfield code="a">Year 65, no. 13 [i.e. 12] (Mar. 24, 1961)-year 66, no. 8 (Feb. 23, 1962).</subfield></datafield><datafield ind1=" " ind2=" " tag="546"><subfield code="a">In Italian and English.</subfield></datafield><datafield ind1=" " ind2="0" tag="650"><subfield code="a">Italians</subfield><subfield code="z">Massachusetts</subfield><subfield code="v">Newspapers.</subfield></datafield><datafield ind1=" " ind2="0" tag="650"><subfield code="a">Italian Americans</subfield><subfield code="z">Massachusetts</subfield><subfield code="v">Newspapers.</subfield></datafield><datafield ind1=" " ind2="0" tag="651"><subfield code="a">Boston (Mass.)</subfield><subfield code="v">Newspapers.</subfield></datafield><datafield ind1=" " ind2="7" tag="655"><subfield code="a">Newspapers.</subfield><subfield code="2">fast</subfield><subfield code="0">(OCoLC)fst01423814</subfield></datafield><datafield ind1=" " ind2="7" tag="650"><subfield code="a">Italian Americans.</subfield><subfield code="2">fast</subfield><subfield code="0">(OCoLC)fst00980419</subfield></datafield><datafield ind1=" " ind2="7" tag="650"><subfield code="a">Italians.</subfield><subfield code="2">fast</subfield><subfield code="0">(OCoLC)fst00980750</subfield></datafield><datafield ind1=" " ind2="7" tag="651"><subfield code="a">Massachusetts.</subfield><subfield code="2">fast</subfield><subfield code="0">(OCoLC)fst01204307</subfield></datafield><datafield ind1=" " ind2="7" tag="651"><subfield code="a">Massachusetts</subfield><subfield code="z">Boston.</subfield><subfield code="2">fast</subfield><subfield code="0">(OCoLC)fst01205012</subfield></datafield><datafield ind1=" " ind2=" " tag="752"><subfield code="a">United States</subfield><subfield code="b">Massachusetts</subfield><subfield code="c">Suffolk</subfield><subfield code="d">Boston.</subfield></datafield><datafield ind1="0" ind2="0" tag="780"><subfield code="t">Gazzetta del Massachusetts &amp; New England</subfield><subfield code="w">(DLC)sn 83045569</subfield><subfield code="w">(OCoLC)9529465</subfield></datafield><datafield ind1="0" ind2="0" tag="785"><subfield code="t">Post-gazette (Boston, Mass.)</subfield><subfield code="x">0888-0107</subfield><subfield code="w">(DLC)sn 83045571</subfield><subfield code="w">(OCoLC)9529221</subfield></datafield></record>